<?xml version="1.0" encoding="UTF-8"?>
<record xmlns="http://www.loc.gov/MARC21/slim">
   <leader>00933cam a22002295  4500</leader>
   <controlfield tag="001">1297707</controlfield>
   <controlfield tag="003">NjP</controlfield>
   <controlfield tag="005">20160323111911.0</controlfield>
   <controlfield tag="008">991123s1920    ae            000 0 ara d</controlfield>
   <datafield tag="024" ind1="7" ind2=" ">
      <subfield code="a">princeton_aco004243</subfield>
      <subfield code="2">local</subfield>
   </datafield>
   <datafield ind1=" " ind2=" " tag="035">
      <subfield code="a">(OCoLC)ocm42873249</subfield>
   </datafield>
   <datafield ind1=" " ind2=" " tag="035">
      <subfield code="9">CDU0485TS</subfield>
   </datafield>
   <datafield ind1=" " ind2=" " tag="040">
      <subfield code="a">PUL</subfield>
      <subfield code="c">PUL</subfield>
   </datafield>
   <datafield ind1="0" ind2="3" tag="245">
      <subfield code="a">al-Dhakhīrah al-sanīyah fi taʾrīkh al-dawlah al-marīnīyah ...</subfield>
   </datafield>
   <datafield ind1="2" ind2=" " tag="246">
      <subfield code="a">Chronique anonyme des Mérinides</subfield>
   </datafield>
   <datafield ind1=" " ind2=" " tag="260">
      <subfield code="a">[Alger]</subfield>
      <subfield code="c">1920.</subfield>
   </datafield>
   <datafield ind1=" " ind2=" " tag="300">
      <subfield code="a">235 p.</subfield>
      <subfield code="c">25 cm.</subfield>
   </datafield>
   <datafield ind1="1" ind2=" " tag="490">
      <subfield code="a">Algiers. Université. Faculté des lettres. Publications. Bulletin de correspondance africaine.</subfield>
      <subfield code="v">t. 57</subfield>
   </datafield>
   <datafield ind1=" " ind2=" " tag="590">
      <subfield code="a">Photocopy.</subfield>
   </datafield>
   <datafield ind1=" " ind2=" " tag="500">
      <subfield code="a">On cover: Chronique anonyme des Mérinides; texte arabe pub. par Mohammed ben Cheneb ... Alger, Carbonel, 1921.</subfield>
   </datafield>
   <datafield ind1="0" ind2=" " tag="700">
      <subfield code="a">Muhammand ibn-Shanab,</subfield>
      <subfield code="d">d. 1931,</subfield>
      <subfield code="e">editor.</subfield>
   </datafield>
   <datafield ind1="1" ind2=" " tag="810">
      <subfield code="a">Algiers (Algeria).</subfield>
      <subfield code="b">Université.</subfield>
      <subfield code="b">Faculté des lettres.</subfield>
      <subfield code="t">Publications.</subfield>
      <subfield code="p">Bulletin de correspondance africaine.</subfield>
      <subfield code="v">t. 57</subfield>
   </datafield>
   <datafield ind1=" " ind2=" " tag="947">
      <subfield code="a">CDU0485</subfield>
   </datafield>
   <datafield ind1=" " ind2=" " tag="911">
      <subfield code="a">20000130</subfield>
   </datafield>
   <datafield ind1="8" ind2="0" tag="852">
      <subfield code="0">1490879</subfield>
      <subfield code="b">rcppa</subfield>
      <subfield code="t">0</subfield>
      <subfield code="h">2262.001.297</subfield>
      <subfield code="x">tr fr f</subfield>
   </datafield>
   <datafield ind1=" " ind2=" " tag="959">
      <subfield code="a">2000-06-13 00:00:00 -0500</subfield>
   </datafield>
</record>
